@online{openmpi,
    title  = {OpenMPI},
    url = {https://www.open-mpi.org/},
    urldate = {2015-09-30}
}

@online{readline,
    title  = {GNU Readline},
    url = {https://cnswww.cns.cwru.edu/php/chet/readline/rltop.html},
    urldate = {2015-09-30}
}

@online{check,
    title  = {Check},
    url = {http://check.sourceforge.net/},
    urldate = {2015-09-30}
}

@online{gcc,
    title  = {GNU Compiler Collection},
    url = {https://gcc.gnu.org/},
    urldate = {2015-09-30}
}

@online{glibc,
    title  = {GNU C Library},
    url = {https://www.gnu.org/software/libc/},
    urldate = {2015-09-30}
}

@online{git,
    title  = {Git},
    url = {https://git-scm.com/},
    urldate = {2015-09-30}
}

@online{cmake,
    title  = {CMake},
    url = {https://cmake.org/},
    urldate = {2015-09-30}
}

@online{doxygen,
    title  = {Doxygen},
    url = {http://www.stack.nl/~dimitri/doxygen/},
    urldate = {2015-09-30}
}

@online{vampir,
    title  = {Vampir},
    url = {https://www.vampir.eu/},
    urldate = {2015-09-30}
}

@online{matplotlib,
    title = {matplotlib},
    url = {http://matplotlib.org/},
    urldate = {2015-09-30}
}
